% This file was created with JabRef 2.5.
% Encoding: MacRoman

@INPROCEEDINGS{GroupFormation,
  author = {Backstrom, Lars and Huttenlocher, Dan and Kleinberg, Jon and Lan,
	Xiangyang},
  title = {Group formation in large social networks: membership, growth, and
	evolution},
  booktitle = {KDD '06: Proceedings of the 12th ACM SIGKDD International Conference
	on Knowledge Discovery and Data Mining},
  year = {2006},
  pages = {44--54},
  address = {New York, NY, USA},
  publisher = {ACM},
  doi = {http://doi.acm.org/10.1145/1150402.1150412},
  isbn = {1-59593-339-5},
  location = {Philadelphia, PA, USA}
}

@INPROCEEDINGS{baderChew08,
  author = {Bader, Brett W. and Chew, Peter A.},
  title = {Enhancing multilingual latent semantic analysis with term alignment
	information},
  booktitle = {COLING '08: Proceedings of the 22nd International Conference on Computational
	Linguistics},
  year = {2008},
  pages = {49--56},
  address = {Morristown, NJ, USA},
  publisher = {Association for Computational Linguistics},
  isbn = {978-1-905593-44-6},
  location = {Manchester, United Kingdom}
}

@INPROCEEDINGS{ChenInfMax,
  author = {Chen, Wei and Wang, Yajun and Yang, Siyu},
  title = {Efficient influence maximization in social networks},
  booktitle = {KDD '09: Proceedings of the 15th ACM SIGKDD International Conference
	on Knowledge Discovery and Data Mining},
  year = {2009},
  pages = {199--208},
  address = {New York, NY, USA},
  publisher = {ACM},
  doi = {http://doi.acm.org/10.1145/1557019.1557047},
  isbn = {978-1-60558-495-9},
  location = {Paris, France}
}

@INPROCEEDINGS{GoogleCFLatent,
  author = {Chen, Wen-Yen and Chu, Jon-Chyuan and Luan, Junyi and Bai, Hongjie
	and Wang, Yi and Chang, Edward Y.},
  title = {Collaborative filtering for orkut communities: discovery of user
	latent behavior},
  booktitle = {WWW '09: Proceedings of the 18th International Conference on World
	wide web},
  year = {2009},
  pages = {681--690},
  address = {New York, NY, USA},
  publisher = {ACM},
  doi = {http://doi.acm.org/10.1145/1526709.1526801},
  isbn = {978-1-60558-487-4},
  location = {Madrid, Spain}
}

@INPROCEEDINGS{GoogleCCF,
  author = {Chen, Wen-Yen and Zhang, Dong and Chang, Edward Y.},
  title = {Combinational collaborative filtering for personalized community
	recommendation},
  booktitle = {KDD '08: Proceeding of the 14th ACM SIGKDD International Conference
	on Knowledge Discovery and Data Mining},
  year = {2008},
  pages = {115--123},
  address = {New York, NY, USA},
  publisher = {ACM},
  doi = {http://doi.acm.org/10.1145/1401890.1401909},
  isbn = {978-1-60558-193-4},
  location = {Las Vegas, Nevada, USA}
}

@INPROCEEDINGS{HofmannPLSI,
  author = {Hofmann, Thomas},
  title = {Probabilistic latent semantic indexing},
  booktitle = {SIGIR '99: Proceedings of the 22nd annual International ACM SIGIR
	Conference on Research and development in Information Retrieval},
  year = {1999},
  pages = {50--57},
  address = {New York, NY, USA},
  publisher = {ACM},
  doi = {http://doi.acm.org/10.1145/312624.312649},
  isbn = {1-58113-096-1},
  location = {Berkeley, California, United States}
}

@INPROCEEDINGS{KleinbergInfluence,
  author = {Kempe, David and Kleinberg, Jon and Tardos, \'{E}va},
  title = {Maximizing the spread of influence through a social network},
  booktitle = {KDD '03: Proceedings of the Ninth ACM SIGKDD International Conference
	on Knowledge Discovery and Data Mining},
  year = {2003},
  pages = {137--146},
  address = {New York, NY, USA},
  publisher = {ACM},
  doi = {http://doi.acm.org/10.1145/956750.956769},
  isbn = {1-58113-737-0},
  location = {Washington, D.C.}
}

@INPROCEEDINGS{KleinbergLinkPred,
  author = {Liben-Nowell, David and Kleinberg, Jon},
  title = {The link prediction problem for social networks},
  booktitle = {CIKM '03: Proceedings of the Twelfth International Conference on
	Information and Knowledge Management},
  year = {2003},
  pages = {556--559},
  address = {New York, NY, USA},
  publisher = {ACM},
  doi = {http://doi.acm.org/10.1145/956863.956972},
  isbn = {1-58113-723-0},
  location = {New Orleans, LA, USA}
}

@MISC{PrateekSVP,
  author = {Raghu Meka and Prateek Jain and Inderjit S. Dhillon},
  title = {Guaranteed Rank Minimization via Singular Value Projection},
  year = {2009},
  url = {http://www.citebase.org/abstract?id=oai:arXiv.org:0909.5457}
}

@INPROCEEDINGS{Mislove,
  author = {Mislove, Alan and Marcon, Massimiliano and Gummadi, Krishna P. and
	Druschel, Peter and Bhattacharjee, Bobby},
  title = {Measurement and analysis of online social networks},
  booktitle = {IMC '07: Proceedings of the 7th ACM SIGCOMM Conference on Internet
	Measurement},
  year = {2007},
  pages = {29--42},
  address = {New York, NY, USA},
  publisher = {ACM},
  doi = {http://doi.acm.org/10.1145/1298306.1298311},
  isbn = {978-1-59593-908-1},
  location = {San Diego, California, USA}
}

@INPROCEEDINGS{PapadimitriouPLSI,
  author = {Papadimitriou, Christos H. and Tamaki, Hisao and Raghavan, Prabhakar
	and Vempala, Santosh},
  title = {Latent semantic indexing: a probabilistic analysis},
  booktitle = {PODS '98: Proceedings of the Seventeenth ACM SIGACT-SIGMOD-SIGART
	symposium on Principles of Database Systems},
  year = {1998},
  pages = {159--168},
  address = {New York, NY, USA},
  publisher = {ACM},
  doi = {http://doi.acm.org/10.1145/275487.275505},
  isbn = {0-89791-996-3},
  location = {Seattle, Washington, United States}
}

@TECHREPORT{savas10c,
  author = {Savas, B. and Dhillon, I. S.},
  title = {Fast and accurate low rank approximation of massive graphs},
  institution = {Department of Computer Science, The University of Texas at Austin},
  year = {2010},
  type = {Technical report},
  number = {TR--10--18}
}

@INPROCEEDINGS{SinghCMF,
  author = {Singh, Ajit P. and Gordon, Geoffrey J.},
  title = {Relational learning via collective matrix factorization},
  booktitle = {KDD '08: Proceeding of the 14th ACM SIGKDD International Conference
	on Knowledge Discovery and Data Mining},
  year = {2008},
  pages = {650--658},
  address = {New York, NY, USA},
  publisher = {ACM},
  doi = {http://doi.acm.org/10.1145/1401890.1401969},
  isbn = {978-1-60558-193-4},
  location = {Las Vegas, Nevada, USA}
}

@INPROCEEDINGS{WeiLMF,
  author = {Tang, Wei and Lu, Zhengdong and Dhillon, Inderjit S.},
  title = {Clustering with Multiple Graphs},
  booktitle = {ICDM '09: Proceedings of the 2009 Ninth IEEE International Conference
	on Data Mining},
  year = {2009},
  pages = {1016--1021},
  address = {Washington, DC, USA},
  publisher = {IEEE Computer Society},
  doi = {http://dx.doi.org/10.1109/ICDM.2009.125},
  isbn = {978-0-7695-3895-2}
}

@INPROCEEDINGS{Coevolution,
  author = {Zheleva, Elena and Sharara, Hossam and Getoor, Lise},
  title = {Co-evolution of social and affiliation networks},
  booktitle = {KDD '09: Proceedings of the 15th ACM SIGKDD International Conference
	on Knowledge Discovery and Data Mining},
  year = {2009},
  pages = {1007--1016},
  address = {New York, NY, USA},
  publisher = {ACM},
  doi = {http://doi.acm.org/10.1145/1557019.1557128},
  isbn = {978-1-60558-495-9},
  location = {Paris, France}
}

@INPROCEEDINGS{vasukiNatarajan,
  author = {Vishvas Vasuki and Nagarajan Natarajan and Zhengdong Lu and Inderjit.S
	Dhillon},
  title = {Affiliation Recommendations using Auxiliary Friendship Networks},
  booktitle = {RecSys '10: Proceedings of the Third ACM Conference on Recommender
	Systems},
  year = {2010},
  address = {Barcelona, Spain},
  location = {Barcelona, Spain},
  owner = {vvasuki},
  url = {http://userweb.cs.utexas.edu/~vvasuki/work/graphTheory/affiliationNwProject/paper/groupRecommendation.pdf}
}

@Article{vasukiScalableAffiliationRec,
  author = {Vishvas Vasuki and Nagarajan Natarajan and Zhengdong Lu and Berkant Savas and Inderjit.S
	Dhillon},
  title = {Scalable Affiliation Recommendations using Auxiliary Friendship Networks},
  journal = {Submitted for review to ACM Transactions on
Intelligent Systems and Technology special issue on Social Recommender Systems},
  year = {2010},
  note = {\href{http://userweb.cs.utexas.edu/~vvasuki/work/graphTheory/affiliationNwProject/journalPaper/groupRecommendation.pdf}{pdf},
	 \href{http://userweb.cs.utexas.edu/~vvasuki/resumeLand/proceedings.bib}{bib}},
  location = {Barcelona, Spain},
  owner = {vvasuki},
  url = {http://userweb.cs.utexas.edu/~vvasuki/work/graphTheory/affiliationNwProject/journalPaper/groupRecommendation.pdf}
}
