@book{ kearnsVazirani,
 author = {Michael J Kearns and Umesh V Vazirani},
 title = {An introduction to computational learning theory},
 year = {1994},
 isbn = {0-262-11193-4},
 publisher = {MIT Press},
 address = {Cambridge, MA, USA},
}

@INPROCEEDINGS{ Blum92infiniteAttr,
    author = {Avrim Blum},
    title = {Learning boolean functions in an infinite attribute space},
    booktitle = {Machine Learning},
    year = {1992},
    pages = {373--386},
    publisher = {ACM Press}
}
