@book{ algGameTheory,
 author = {Noam Nisan and Tim Roughgarden and Eva Tardos and Vijay V. Vazirani},
 title = {Algorithmic Game Theory},
 year = {2007},
 isbn = {0521872820},
 publisher = {Cambridge University Press},
 address = {New York, NY, USA},
 } 
