@book{ kearnsVazirani,
 author = {Michael J Kearns and Umesh V Vazirani},
 title = {An introduction to computational learning theory},
 year = {1994},
 isbn = {0-262-11193-4},
 publisher = {MIT Press},
 address = {Cambridge, MA, USA},
}

@book{ bellareGoldwasser,
 author = {Shafi Goldwasser and Mihir Bellare},
 title = {Lecture Notes on Cryptography},
 year = {2008},
 publisher = {Internet},
}
