This file was created with JabRef 2.0.1.
Encoding: ANSI_X3.4-1968

@PHDTHESIS{leskovecThesis,
  author = {Jure Leskovec},
  title = {Dynamics of large networks},
  school = {CMU},
  year = {200?},
  owner = {vvasuki},
  review = {Temporal properties observed during graph evolution. These ran contrary
	to popular belief.
	
	
	Network cascades also studied here.
	
	
	Good work.},
  timestamp = {2009.07.16},
}

@ARTICLE{dln:link-prediction,
  author = {David Liben-Nowell and Jon Kleinberg},
  title = {The Link-Prediction Problem for Social Networks},
  journal = {Journal of the American Society for Information Science and Technology},
  year = {2007},
  volume = {58},
  pages = {1019--1031},
  number = {7},
  month = may,
}

@ARTICLE{zhelevaSocialAffiliationNw,
  author = {Zheleva, Elena and Sharara, Hossam and Getoor, Lise},
  title = {Co-evolution of social and affiliation networks},
  year = {2009},
  pages = {1007--1016},
  address = {New York, NY, USA},
  booktitle = {KDD '09: Proceedings of the 15th ACM SIGKDD international conference
	on Knowledge discovery and data mining},
  doi = {http://doi.acm.org/10.1145/1557019.1557128},
  isbn = {978-1-60558-495-9},
  location = {Paris, France},
  publisher = {ACM},
}

