@Book{ strang,
	author = "Gilbert Strang",
	title = "Linear Algebra and its applications, 4e",
	year = "2006",
	publisher = "Thomson Brooks/ Cole"
}

@Book{ trefBau,
    author = "Trefethen, Lloyd N. and Bau  III, David",
    title = "Numerical Linear Algebra",
    year = "1997",
    publisher = "Siam",
}

@Book{ hornJohnson,
    author = "Horn and Johnson",
    title = "Matrix Analysis",
    year = "1985",
    publisher = "CUP",
}

@Book{ hornJohnsonTopics,
    author = "Horn and Johnson",
    title = "Topics in Matrix Analysis",
    year = "1991",
    publisher = "CUP",
}

@Misc{matrixCookbook,
    author       = "K. B. Petersen and M. S. Pedersen",
    title        = "The Matrix Cookbook",
    year         = "2008",
    month        = "oct",
    keywords     = "Matrix identity, matrix relations, inverse, matrix derivative",
    publisher    = "Technical University of Denmark",
    address      = "",
    note         = "Version 20081110",
    url          = "http://www2.imm.dtu.dk/pubdb/p.php?3274",
    abstract     = "Matrix identities, relations and approximations. A desktop reference for quick overview of mathematics of matrices."
}
 
