@Book{ papadimitriouCC,
	author = "Christos H. Papadimitriou",
	citeulike-article-id = "588182",
	howpublished = "Hardcover",
	isbn = "0201530821",
	keywords = "complexity, transfer",
	month = "November",
	priority = "4",
	publisher = "Addison Wesley",
	title = "Computational Complexity",
	url = "http://www.amazon.ca/exec/obidos/redirect?tag=citeulike09-20\&amp;path=ASIN/0201530821",
	year = "1993"
}

@Book{ aroraBarakCC,
	title = "Complexity Theory: A Modern Approach",
	author = "Sanjeev Arora and Boaz Barak",
	address = "http://www.cs.princeton.edu/theory/complexity/frontmatter.pdf",
	publisher = "Princeton University Computer network",
	month = "January",
	year = "2007"
}

@Book{ linz,
	author = "Peter Linz",
	title = "An introduction to formal languages and automata",
	year = "1990",
	isbn = "0-669-17342-8",
	publisher = "D. C. Heath and Company",
	address = "Lexington, MA, USA"
}

