@Book{ rudin76ana,
	author = "Walter Rudin",
	citeulike-article-id = "813582",
	howpublished = "Paperback",
	isbn = "0070856133",
	keywords = "analysis",
	month = "September",
	posted-at = "2006-08-23 12:25:04",
	priority = "1",
	publisher = "McGraw-Hill Publishing Co.",
	title = "Principles of Mathematical Analysis (International Series in Pure \& Applied Mathematics)",
	url = "http://www.amazon.ca/exec/obidos/redirect?tag=citeulike09-20\&amp;path=ASIN/0070856133",
	year = "1976"
}

