@Book{ mitzenmacherUpfal,
ALTauthor = {Michael Mitzenmacher and Eli Upfal},
ALTeditor = {},
title = {Probability and Computing: Randomized Algorithms and Probabilistic Analysis},
publisher = {Cambridge University Press},
year = {2005},
OPTkey = {},
OPTvolume = {},
OPTnumber = {},
OPTseries = {},
OPTaddress = {},
OPTedition = {},
OPTmonth = {},
OPTnote = {},
OPTannote = {}
}

@Article{wikiPairwiseIndependence,
author = {},
title = {Wikipedia article :Pairwise independence},
journal = {Wikipedia},
year = {},
OPTkey = {},
OPTvolume = {},
OPTnumber = {},
OPTpages = {},
OPTmonth = {},
OPTnote = {},
OPTannote = {}
}

