@book{hallStevens,
 author = {Hall and Stevens},
 title = {School Geometry},
 year = {1906},
 publisher = {Macmillian},
}