@Book{ russellNorvig,
	author = "Stuart J. Russell and Peter Norvig",
	citeulike-article-id = "2565055",
	howpublished = "Paperback",
	keywords = "artificial\_intelligence, bibtex-import, semantic\_web, software\_agents",
	month = "November",
	posted-at = "2008-03-20 07:18:42",
	priority = "2",
	publisher = "{Pearson US Imports \& PHIPEs}",
	title = "Artificial Intelligence: A Modern Approach (International Edition)",
	url = "http://www.amazon.de/exec/obidos/ASIN/0130803022",
	year = "2002"
}

