@Book{ resnickHalliday,
	author = "David Halliday and Robert Resnick and Jearl Walker",
	citeulike-article-id = "139512",
	howpublished = "Hardcover",
	isbn = "0471332364",
	keywords = "physics",
	month = "June",
	posted-at = "2005-03-24 22:57:58",
	priority = "2",
	publisher = "Wiley",
	title = "Extended , Fundamentals of Physics, 6th Edition",
	url = "http://www.amazon.ca/exec/obidos/redirect?tag=citeulike09-20\&amp;path=ASIN/0471332364",
	year = "2000"
}

@Book{ strang,
	author = "Gilbert Strang",
	title = "Linear Algebra and its applications, 4e",
	year = "2006",
	publisher = "Thomson Brooks/ Cole"
}

